<?xml version="1.0" encoding="utf-8"?>
<OAI-PMH xmlns="http://www.openarchives.org/OAI/2.0/" xmlns:xsi="http://www.w3.org/2001/XMLSchema-instance"
		 xsi:schemaLocation="http://www.openarchives.org/OAI/2.0/ http://www.openarchives.org/OAI/2.0/OAI-PMH.xsd">
	<responseDate>2015-08-24T09:57:42Z</responseDate>
	<request verb="ListRecords" metadataPrefix="marcxml">http://localhost/marc2oai_marcxml</request>
	<ListRecords>
		<record>
			<header>
				<identifier>1</identifier>
				<datestamp>2015-08-24T09:57:42Z</datestamp>
			</header>
			<metadata>
				<record xmlns="http://www.loc.gov/MARC21/slim"
						xsi:schemaLocation="http://www.loc.gov/MARC21/slim http://www.loc.gov/standards/marcxml/schema/MARC21slim.xsd"
						type="Bibliographic">
					<leader>02557nam a22003973u 4500</leader>
					<controlfield tag="001">EBL155778</controlfield>
					<controlfield tag="003">AU-PeEL</controlfield>
					<controlfield tag="005">20150802134622.0</controlfield>
					<controlfield tag="006">m d</controlfield>
					<controlfield tag="007">cr -n---------</controlfield>
					<controlfield tag="008">150802s2010||||||| s|||||||||||eng|d</controlfield>
					<datafield tag="020" ind1=" " ind2=" ">
						<subfield code="a">9780795305122</subfield>
						<subfield code="c">6.3 (NL)</subfield>
					</datafield>
					<datafield tag="035" ind1=" " ind2=" ">
						<subfield code="a">EBL155778</subfield>
					</datafield>
					<datafield tag="035" ind1=" " ind2=" ">
						<subfield code="a">(OCoLC)52939862</subfield>
					</datafield>
					<datafield tag="040" ind1=" " ind2=" ">
						<subfield code="a">AU-PeEL</subfield>
						<subfield code="b">eng</subfield>
						<subfield code="c">AU-PeEL</subfield>
						<subfield code="d">AU-PeEL</subfield>
					</datafield>
					<datafield tag="050" ind1=" " ind2="4">
						<subfield code="a">PS3563.A3155S26 2002eb</subfield>
					</datafield>
					<datafield tag="082" ind1="0" ind2="0">
						<subfield code="a">813.54</subfield>
						<subfield code="a">813/.54</subfield>
					</datafield>
					<datafield tag="100" ind1="1" ind2=" ">
						<subfield code="a">McKenna, Richard.</subfield>
					</datafield>
					<datafield tag="245" ind1="1" ind2="4">
						<subfield code="a">The Sand Pebbles</subfield>
						<subfield code="h">[electronic resource].</subfield>
					</datafield>
					<datafield tag="260" ind1=" " ind2=" ">
						<subfield code="a">New York :</subfield>
						<subfield code="b">RosettaBooks,</subfield>
						<subfield code="c">2010.</subfield>
					</datafield>
					<datafield tag="300" ind1=" " ind2=" ">
						<subfield code="a">1 online resource (602 p.)</subfield>
					</datafield>
					<datafield tag="490" ind1="1" ind2=" ">
						<subfield code="a">RosettaBooks into Film</subfield>
					</datafield>
					<datafield tag="500" ind1=" " ind2=" ">
						<subfield code="a">Description based upon print version of record.</subfield>
					</datafield>
					<datafield tag="505" ind1="0" ind2=" ">
						<subfield code="a">Cover; First Page; Title Page; Copyright; Dedication; Contents; Chapter 1; Chapter 2; Chapter 3; Chapter 4;
							Chapter 5; Chapter 6; Chapter 7; Chapter 8; Chapter 9; Chapter 10; Chapter 11; Chapter 12; Chapter 13; Chapter 14; Chapter
							15; Chapter 16; Chapter 17; Chapter 18; Chapter 19; Chapter 20; Chapter 21; Chapter 22; Chapter 23; Chapter 24; Chapter
							25; Chapter 26; Chapter 27; Chapter 28; Chapter 29; Chapter 30; Chapter 31; Chapter 32; Chapter 33; Chapter 34; Chapter
							35; Chapter 36; Chapter 37; Chapter 38; Chapter 39; Chapter 40; Chapter 41; Chapter 42; Chapter 43; Chapter 44; Chapter 45
						</subfield>
					</datafield>
					<datafield tag="505" ind1="8" ind2=" ">
						<subfield code="a">Chapter 46Chapter 47; Last Page</subfield>
					</datafield>
					<datafield tag="520" ind1=" " ind2=" ">
						<subfield code="a">As a spirit of nationalism inspired by Chiang Kai-shek's leadership begins to sweep through China, the
							river gunship San Pablo is ordered to patrol the region and to protect U.S. citizens. The crew of the ship is soon drawn
							into an international conflict when the Chinese Nationalists begin trying to expel the "foreign devils" from their shores.
							The conflict not only serves to illustrate the divide between east and west but also causes a rift between the members of
							the crew.The protagonist of McKenna's novel, Jack Holman, is a machinist aboard the San Pablo who has joined the navy in
							order to a
						</subfield>
					</datafield>
					<datafield tag="650" ind1=" " ind2="4">
						<subfield code="a">Americans - China.</subfield>
					</datafield>
					<datafield tag="650" ind1=" " ind2="4">
						<subfield code="a">China - History - 1912-1937.</subfield>
					</datafield>
					<datafield tag="650" ind1=" " ind2="4">
						<subfield code="a">Historical fiction.</subfield>
					</datafield>
					<datafield tag="650" ind1=" " ind2="4">
						<subfield code="a">United States - History, Naval - 20th century.</subfield>
					</datafield>
					<datafield tag="650" ind1=" " ind2="4">
						<subfield code="a">United States-- History, Naval-- 20th century-- Fiction.</subfield>
					</datafield>
					<datafield tag="650" ind1=" " ind2="4">
						<subfield code="a">Yangtze River (China).</subfield>
					</datafield>
					<datafield tag="655" ind1=" " ind2="0">
						<subfield code="a">Electronic books.</subfield>
					</datafield>
					<datafield tag="776" ind1="0" ind2="8">
						<subfield code="i">Print version:</subfield>
						<subfield code="a">McKenna, Richard</subfield>
						<subfield code="t">The Sand Pebbles</subfield>
						<subfield code="d">New York : RosettaBooks,c2010</subfield>
						<subfield code="z">9781557504463</subfield>
					</datafield>
					<datafield tag="830" ind1=" " ind2="0">
						<subfield code="a">RosettaBooks into Film</subfield>
					</datafield>
					<datafield tag="856" ind1="4" ind2="0">
						<subfield code="z">Click here to view book</subfield>
						<subfield code="u">http://slub.eblib.com/patron/FullRecord.aspx?p=155778</subfield>
					</datafield>
				</record>
			</metadata>
		</record>