
		<record>
			<header>
				<identifier>2</identifier>
				<datestamp>2015-08-24T09:57:42Z</datestamp>
			</header>
			<metadata>
				<record xmlns="http://www.loc.gov/MARC21/slim"
						xsi:schemaLocation="http://www.loc.gov/MARC21/slim http://www.loc.gov/standards/marcxml/schema/MARC21slim.xsd"
						type="Bibliographic">
					<leader>02116nam a22003253u 4500</leader>
					<controlfield tag="001">EBL180868</controlfield>
					<controlfield tag="003">AU-PeEL</controlfield>
					<controlfield tag="005">20150802134622.0</controlfield>
					<controlfield tag="006">m d</controlfield>
					<controlfield tag="007">cr -n---------</controlfield>
					<controlfield tag="008">150802s2008||||||| s|||||||||||eng|d</controlfield>
					<datafield tag="020" ind1=" " ind2=" ">
						<subfield code="a">9780203305225</subfield>
						<subfield code="c">141.83 (NL),118.19 (3U)</subfield>
					</datafield>
					<datafield tag="035" ind1=" " ind2=" ">
						<subfield code="a">EBL180868</subfield>
					</datafield>
					<datafield tag="035" ind1=" " ind2=" ">
						<subfield code="a">(OCoLC)908077007</subfield>
					</datafield>
					<datafield tag="040" ind1=" " ind2=" ">
						<subfield code="a">AU-PeEL</subfield>
						<subfield code="b">eng</subfield>
						<subfield code="c">AU-PeEL</subfield>
						<subfield code="d">AU-PeEL</subfield>
					</datafield>
					<datafield tag="050" ind1=" " ind2="4">
						<subfield code="a">TA595.5 .V36 2008</subfield>
					</datafield>
					<datafield tag="082" ind1="0" ind2="0">
						<subfield code="a">526.9/82</subfield>
						<subfield code="a">526.982</subfield>
					</datafield>
					<datafield tag="100" ind1="1" ind2=" ">
						<subfield code="a">Van Sickle, Jan.</subfield>
					</datafield>
					<datafield tag="245" ind1="1" ind2="0">
						<subfield code="a">GPS for Land Surveyors, Third Edition</subfield>
						<subfield code="h">[electronic resource].</subfield>
					</datafield>
					<datafield tag="250" ind1=" " ind2=" ">
						<subfield code="a">3rd ed.</subfield>
					</datafield>
					<datafield tag="260" ind1=" " ind2=" ">
						<subfield code="a">Hoboken :</subfield>
						<subfield code="b">CRC Press,</subfield>
						<subfield code="c">2008.</subfield>
					</datafield>
					<datafield tag="300" ind1=" " ind2=" ">
						<subfield code="a">1 online resource (362 p.)</subfield>
					</datafield>
					<datafield tag="500" ind1=" " ind2=" ">
						<subfield code="a">Description based upon print version of record.</subfield>
					</datafield>
					<datafield tag="505" ind1="0" ind2=" ">
						<subfield code="a">Front cover; Contents; Preface to the Third Edition; About the Author; Chapter 1. The GPS Signal; Chapter
							2. Biases and Solutions; Chapter 3. The Framework; Chapter 4. Receivers and Methods; Chapter 5. Coordinates; Chapter 6.
							GPS Surveying Techniques; Chapter 7. Observing and Processing; Chapteer 8. GPS Modernization and Global Navigation
							Satellite System (GNSS); References; Glossary; Index; Back cover
						</subfield>
					</datafield>
					<datafield tag="520" ind1=" " ind2=" ">
						<subfield code="a">The GPS SignalGlobal Positioning System (GPS) Signal StructureTwo ObservablesPseudorangingCarrier Phase
							RangingBiases and SolutionsThe Error BudgetDifferencingThe FrameworkTechnological ForerunnersVery Long Baseline
							InterferometryTransitNavstar GPSGPS Segment OrganizationGPS ConstellationThe Control SegmentReceivers and MethodsCommon
							Features of GPS ReceiversChoosing a GPS ReceiverSome GPS Surveying MethodsCoordinatesA Few Pertinent Ideas About Geodetic
							Datums for GPSState Plane CoordinatesHeightsGPS Surveying TechniquesStatic GPS SurveyingReal-Time Kinematic (RTK) and
							Differential GPS (DGPS)T
						</subfield>
					</datafield>
					<datafield tag="650" ind1=" " ind2="4">
						<subfield code="a">Artificial satellites in surveying.</subfield>
					</datafield>
					<datafield tag="650" ind1=" " ind2="4">
						<subfield code="a">Global Positioning System.</subfield>
					</datafield>
					<datafield tag="655" ind1=" " ind2="0">
						<subfield code="a">Electronic books.</subfield>
					</datafield>
					<datafield tag="776" ind1="0" ind2="8">
						<subfield code="i">Print version:</subfield>
						<subfield code="a">Van Sickle, Jan</subfield>
						<subfield code="t">GPS for Land Surveyors, Third Edition</subfield>
						<subfield code="d">Hoboken : CRC Press,c2008</subfield>
						<subfield code="z">9780849391958</subfield>
					</datafield>
					<datafield tag="856" ind1="4" ind2="0">
						<subfield code="z">Click here to view book</subfield>
						<subfield code="u">http://slub.eblib.com/patron/FullRecord.aspx?p=180868</subfield>
					</datafield>
				</record>
			</metadata>
		</record>