
		<record>
			<header>
				<identifier>3</identifier>
				<datestamp>2015-08-24T09:57:42Z</datestamp>
			</header>
			<metadata>
				<record xmlns="http://www.loc.gov/MARC21/slim"
						xsi:schemaLocation="http://www.loc.gov/MARC21/slim http://www.loc.gov/standards/marcxml/schema/MARC21slim.xsd"
						type="Bibliographic">
					<leader>02624nam a22003973u 4500</leader>
					<controlfield tag="001">EBL196732</controlfield>
					<controlfield tag="003">AU-PeEL</controlfield>
					<controlfield tag="005">20150802134622.0</controlfield>
					<controlfield tag="006">m d</controlfield>
					<controlfield tag="007">cr -n---------</controlfield>
					<controlfield tag="008">150802s2008||||||| s|||||||||||eng|d</controlfield>
					<datafield tag="020" ind1=" " ind2=" ">
						<subfield code="a">9780306472084</subfield>
						<subfield code="c">130.63 (NL)</subfield>
					</datafield>
					<datafield tag="035" ind1=" " ind2=" ">
						<subfield code="a">EBL196732</subfield>
					</datafield>
					<datafield tag="035" ind1=" " ind2=" ">
						<subfield code="a">(OCoLC)707917524</subfield>
					</datafield>
					<datafield tag="040" ind1=" " ind2=" ">
						<subfield code="a">AU-PeEL</subfield>
						<subfield code="b">eng</subfield>
						<subfield code="c">AU-PeEL</subfield>
						<subfield code="d">AU-PeEL</subfield>
					</datafield>
					<datafield tag="050" ind1=" " ind2="4">
						<subfield code="a">LB43</subfield>
					</datafield>
					<datafield tag="050" ind1=" " ind2="4">
						<subfield code="a">QA11 .M314 1997eb</subfield>
					</datafield>
					<datafield tag="082" ind1="0" ind2="0">
						<subfield code="a">370</subfield>
						<subfield code="a">370.9</subfield>
						<subfield code="a">370116</subfield>
						<subfield code="a">507.1</subfield>
						<subfield code="a">510.712</subfield>
						<subfield code="a">510/.71/2</subfield>
					</datafield>
					<datafield tag="100" ind1="1" ind2=" ">
						<subfield code="a">Schmidt, W.H.</subfield>
					</datafield>
					<datafield tag="245" ind1="1" ind2="0">
						<subfield code="a">Many Visions, Many Aims</subfield>
						<subfield code="h">[electronic resource] :</subfield>
						<subfield code="b">Volume 2: A Cross-National Investigation of Curricular Intensions in School Science</subfield>
					</datafield>
					<datafield tag="260" ind1=" " ind2=" ">
						<subfield code="a">Dordrecht :</subfield>
						<subfield code="b">Springer Netherlands,</subfield>
						<subfield code="c">2008.</subfield>
					</datafield>
					<datafield tag="300" ind1=" " ind2=" ">
						<subfield code="a">1 online resource (309 p.)</subfield>
					</datafield>
					<datafield tag="500" ind1=" " ind2=" ">
						<subfield code="a">Description based upon print version of record.</subfield>
					</datafield>
					<datafield tag="505" ind1="0" ind2=" ">
						<subfield code="a">Preliminaries; Table of Contents; Chapter 1 Science Curriculum: Investigating Curricular Intentions .;
							Chapter 2 Overview of Results; Chapter 3 Seeking Shared Visions Among the Many; Chapter 4 Curriculum Guides: Directing
							Curriculum by Intention; Chapter 5 Intended Flow of Science Curricula; Chapter 6 Milestones in Science Curricula; Chapter
							7 Emphasized Curriculum Topics; Chapter 8 Other Aspects of the Curriculum: Performance Expectations and Disciplinary
							Perspectives; Chapter 9 Re-examining Shared Visions: Country Groupings; Chapter 10 Concluding Remarks; Appendices
						</subfield>
					</datafield>
					<datafield tag="520" ind1=" " ind2=" ">
						<subfield code="a">Preface. I: Characterizing Curriculum: An Overview. 1. Science Curriculum: Investigating Curricular
							Intentions. 2. Overview of Results. II: Curricular Organization and Control. 3. Seeking Shared Visions Among the Many. 4.
							Curriculum Guides: Directing Curriculum by Intention. III: Reflections of Curriculum. 5. Intended Flow of Science
							Curricula. 6. Milestones in Science Curricula. 7. Emphasized Curriculum Topics. 8. Other Aspects of the Curriculum:
							Performance Expectations and Disciplinary Perspectives. 9. Re-Examining Shared Visions: Country Groupings. IV:
							Consequences of Curriculum:
						</subfield>
					</datafield>
					<datafield tag="650" ind1=" " ind2="4">
						<subfield code="a">Education.</subfield>
					</datafield>
					<datafield tag="650" ind1=" " ind2="4">
						<subfield code="a">Mathematics.</subfield>
					</datafield>
					<datafield tag="650" ind1=" " ind2="4">
						<subfield code="a">Mathematics.</subfield>
					</datafield>
					<datafield tag="650" ind1=" " ind2="4">
						<subfield code="a">Science_xStudy and teaching.</subfield>
					</datafield>
					<datafield tag="655" ind1=" " ind2="0">
						<subfield code="a">Electronic books.</subfield>
					</datafield>
					<datafield tag="700" ind1="1" ind2=" ">
						<subfield code="a">Raizen, S.</subfield>
					</datafield>
					<datafield tag="700" ind1="1" ind2=" ">
						<subfield code="a">Britton, E.D.</subfield>
					</datafield>
					<datafield tag="700" ind1="1" ind2=" ">
						<subfield code="a">Bianchi, Leonard J.</subfield>
					</datafield>
					<datafield tag="700" ind1="1" ind2=" ">
						<subfield code="a">Wolfe, Richard.</subfield>
					</datafield>
					<datafield tag="776" ind1="0" ind2="8">
						<subfield code="i">Print version:</subfield>
						<subfield code="a">Schmidt, W.H.</subfield>
						<subfield code="t">Many Visions, Many Aims : Volume 2: A Cross-National Investigation of Curricular Intensions in School
							Science
						</subfield>
						<subfield code="d">Dordrecht : Springer Netherlands,c2008</subfield>
						<subfield code="z">9780792344384</subfield>
					</datafield>
					<datafield tag="856" ind1="4" ind2="0">
						<subfield code="z">Click here to view book</subfield>
						<subfield code="u">http://slub.eblib.com/patron/FullRecord.aspx?p=196732</subfield>
					</datafield>
				</record>
			</metadata>
		</record>
	</ListRecords>
</OAI-PMH>
